<record><leader>00000cas a2200000 a 4500</leader><controlfield tag="001">13519511</controlfield><controlfield tag="008">860502d18891904iluwr ne      0   a0ger c</controlfield><datafield ind1=" " ind2=" " tag="010"><subfield code="a">sn 86063888 </subfield></datafield><datafield ind1=" " ind2=" " tag="040"><subfield code="a">KSH</subfield><subfield code="b">eng</subfield><subfield code="c">KSH</subfield><subfield code="d">NPT</subfield><subfield code="d">NVF</subfield><subfield code="d">MGN</subfield><subfield code="d">CRL</subfield><subfield code="d">NVF</subfield><subfield code="d">CVF</subfield><subfield code="d">OCLCQ</subfield><subfield code="d">OCLCF</subfield><subfield code="d">NVF</subfield><subfield code="d">DLC</subfield><subfield code="d">OCLCO</subfield></datafield><datafield ind1=" " ind2=" " tag="042"><subfield code="a">pcc</subfield></datafield><datafield ind1=" " ind2=" " tag="043"><subfield code="a">n-us-il</subfield></datafield><datafield ind1="0" ind2=" " tag="130"><subfield code="a">Daheim (Chicago, Ill. : 1889)</subfield></datafield><datafield ind1="1" ind2="0" tag="245"><subfield code="a">Daheim.</subfield></datafield><datafield ind1=" " ind2=" " tag="260"><subfield code="a">Chicago, Ill. :</subfield><subfield code="b">[s.n.],</subfield><subfield code="c">1889-1904.</subfield></datafield><datafield ind1=" " ind2=" " tag="300"><subfield code="a">v. ;</subfield><subfield code="c">60 cm.</subfield></datafield><datafield ind1=" " ind2=" " tag="310"><subfield code="a">Weekly</subfield></datafield><datafield ind1="0" ind2=" " tag="362"><subfield code="a">19. Jahrg., Nr. 43 (27. Okt. 1889)-</subfield></datafield><datafield ind1="1" ind2=" " tag="362"><subfield code="a">Ceased in 1904.</subfield></datafield><datafield ind1=" " ind2=" " tag="515"><subfield code="a">Continues the numbering of Chicagoer daheim.</subfield></datafield><datafield ind1=" " ind2=" " tag="530"><subfield code="a">Available on microfilm;</subfield><subfield code="b">The Center for Research Libraries.</subfield></datafield><datafield ind1=" " ind2=" " tag="580"><subfield code="a">Sunday ed. of: Chicagoer freie presse (Chicago, Ill. : Daily).</subfield></datafield><datafield ind1=" " ind2=" " tag="580"><subfield code="a">Merged with: Westen (Chicago, Ill. : 1868), to form: Westen und daheim.</subfield></datafield><datafield ind1=" " ind2=" " tag="588"><subfield code="a">Latest issue consulted: Dec. 25, 1898.</subfield></datafield><datafield ind1=" " ind2="0" tag="650"><subfield code="a">German Americans</subfield><subfield code="z">Illinois</subfield><subfield code="z">Chicago</subfield><subfield code="v">Newspapers.</subfield></datafield><datafield ind1=" " ind2="0" tag="651"><subfield code="a">Chicago (Ill.)</subfield><subfield code="v">Newspapers.</subfield></datafield><datafield ind1=" " ind2="7" tag="650"><subfield code="a">German Americans.</subfield><subfield code="2">fast</subfield><subfield code="0">(OCoLC)fst00941308</subfield></datafield><datafield ind1=" " ind2="7" tag="651"><subfield code="a">Illinois</subfield><subfield code="z">Chicago.</subfield><subfield code="2">fast</subfield><subfield code="0">(OCoLC)fst01204048</subfield></datafield><datafield ind1=" " ind2="7" tag="655"><subfield code="a">Newspapers.</subfield><subfield code="2">fast</subfield><subfield code="0">(OCoLC)fst01423814</subfield></datafield><datafield ind1=" " ind2=" " tag="752"><subfield code="a">United States</subfield><subfield code="b">Illinois</subfield><subfield code="c">Cook</subfield><subfield code="d">Chicago.</subfield></datafield><datafield ind1="1" ind2=" " tag="775"><subfield code="t">Chicagoer freie presse (Chicago, Ill. : Daily)</subfield><subfield code="w">(DLC)sn 83045119</subfield><subfield code="w">(OCoLC)9335264</subfield></datafield><datafield ind1="0" ind2=" " tag="775"><subfield code="t">Chicagoer freie presse (Chicago, Ill. : Weekly)</subfield><subfield code="w">(DLC)sn 84038711</subfield><subfield code="w">(OCoLC)11460156</subfield></datafield><datafield ind1="0" ind2="0" tag="780"><subfield code="t">Chicagoer daheim</subfield><subfield code="w">(DLC)sn 86063844</subfield><subfield code="w">(OCoLC)13519441</subfield></datafield><datafield ind1="1" ind2="7" tag="785"><subfield code="t">Westen (Chicago, Ill. : 1868)</subfield><subfield code="w">(DLC)sn 83045566</subfield><subfield code="w">(OCoLC)9601815</subfield></datafield><datafield ind1="1" ind2="7" tag="785"><subfield code="t">Westen und daheim</subfield><subfield code="w">(DLC)sn 83045716</subfield><subfield code="w">(OCoLC)9593587</subfield></datafield></record>